@Misc{FOLEDDRS:2014,
 author   = {Robin Sandhu},
 title    = {Flexible OLED Displays},
 note     = {Último acesso em 28/06/2014},
 howpublished= {\url{http://newtech.about.com/od/Devices/fl/Flexible-OLED-Displays.htm}},
}

@Misc{ResumoGoogleIOBAM:2014,
 author   = {Bruno Ayres Martinez},
 title    = {Resumo: Tudo o que aconteceu na Google I/O de 2014},
 note     = {Último acesso em 28/06/2014},
 howpublished= {\url{http://showmetech.band.uol.com.br/resumo-tudo-o-que-aconteceu-na-google-io-2014}},
}

@Misc{WikipediaOLED,
 author   = {Wikipedia},
 title    = {Wikipedia: OLED},
 note     = {Último acesso em 28/06/2014},
 howpublished= {\url{http://pt.wikipedia.org/wiki/OLED}},
}

@Misc{WikipediaTelevisao,
 author   = {Wikipedia},
 title    = {Wikipedia: Televisão},
 note     = {Último acesso em 28/06/2014},
 howpublished= {\url{http://pt.wikipedia.org/wiki/Televis%C3%A3o}},
}

@Misc{WikipediaTelaPlasma,
 author   = {Wikipedia},
 title    = {Wikipedia: Tela de Plasma},
 note     = {Último acesso em 28/06/2014},
 howpublished= {\url{http://pt.wikipedia.org/wiki/Tela_de_plasma}},
}

@Misc{WikipediaLCD,
 author   = {Wikipedia},
 title    = {Wikipedia: LCD},
 note     = {Último acesso em 28/06/2014},
 howpublished= {\url{http://en.wikipedia.org/wiki/Liquid-crystal_display}},
}

@Misc{WikipediaLED,
 author   = {Paulo Augusto Sebin},
 title    = {A História da Tecnologia LED},
 note     = {Último acesso em 28/06/2014},
 howpublished= {\url{http://www.artigos.com/artigos/tutoriais/a-historia-da-tecnologia-led-22348/artigo/#.U69LxY1dUeQ}},
}

@Misc{HSWOLED,
 author   = {Craig Freudenrich, Ph.D.},
 title    = {How Stuff Works: How OLEDs Work},
 note     = {Último acesso em 28/06/2014},
 howpublished= {\url{http://electronics.howstuffworks.com/oled.htm}},
}

@Misc{OLEDPioneers,
 author   = {Kodak},
 title    = {OLED pioneers Ching Tang and Steven Van Slyke were inducted into the 2013 Consumer Electronics hall of fame},
 note     = {Último acesso em 28/06/2014},
 howpublished= {\url{http://www.oled-info.com/oled-pioneers-ching-tang-and-steven-van-slyke-were-inducted-2013-consumer-electronics-hall-fame}},
}

@Misc{WIOLEDT,
 author   = {Mary Bellis},
 title    = {Who invented OLED technology},
 note     = {Último acesso em 28/06/2014},
 howpublished= {\url{$inventors.about.com/od/ofamousinventions/a/Oled.htm$}},
}

@Misc{NOLEDDN,
 author   = {News OLED Display .Net},
 title    = {Introducing the Flexible Curved OLED},
 note     = {Último acesso em 28/06/2014},
 howpublished= {\url{http://news.oled-display.net/flexible-curved-oled}},
}

@Misc{FSIJS,
 author   = {Jason Stutman},
 title    = {Flexible Smatphone Investing},
 note     = {Último acesso em 28/06/2014},
 howpublished= {\url{http://www.energyandcapital.com/articles/flexible-smartphone-investing/3578}},
}

@Book{Android:2014,
 author   = {Ricardo da Silva Ogliari and Robison Cris Brito},
 title    = {Android - Do básico ao avançado},
 edition  = {1^{o}},
 publisher= {Ciência Moderna},
 year     = {2014},
}